@book{afmh,
   address   = {Berlin, Heidelberg},
   editor    = {Meyer, Ulrich and Sanders, Peter and Sibeyn, Jop},
   isbn      = {3-540-00883-7},
   publisher = {Springer-Verlag},
   series    = {Lecture Notes in Computer Science},
   subtitle  = {Advanced Lectures},
   title     = {Algorithms for Memory Hierarchies},
   year      = {2003},
}

@article{bigos,
   author    = {Ignatchenko, Sergey},
   date      = {2016-08},
   issn      = {1354--3172},
   journal   = {Overload},
   note      = {Big-O notation is often used to compare algorithms.  Sergey Ignatchenko
                reminds us that asymptotic limits might not be generally applicable.},
   number    = {134},
   pages     = {4--7},
   pdf       = {https://accu.org/var/uploads/journals/Overload134.pdf#page=6},
   publisher = {ACCU},
   title     = {Some Big-Os are Bigger Than Others},
   url       = {https://accu.org/index.php/journals/2268},
   urldate   = {2017-05-11},
}

@online{bigos2,
   author    = {Ignatchenko, Sergey},
   date      = {2017-02-21},
   title     = {Some Big-Os are Bigger Than Others},
   url       = {http://ithare.com/some-big-os-are-bigger-than-others/},
   urldate   = {2017-05-11},
}
